@article{freuder1997,
	volume = {2},
	ISSN = {1383-7133},
	url = {http://dx.doi.org/10.1023/A:1009749006768},
	DOI = {10.1023/a:1009749006768},
	number = {1},
	journal = {Constraints},
	publisher = {Springer Science and Business Media LLC},
	author = {Freuder,  Eugene C.},
	year = {1997},
	pages = {57â€“61}
}

@inproceedings{rechenberger2023,
	title={FreeCHR: An Algebraic Framework for CHR-Embeddings},
	author={Rechenberger, Sascha and Fr{\"u}hwirth, Thom},
	booktitle={International Joint Conference on Rules and Reasoning},
	pages={190--205},
	year={2023},
	organization={Springer}
}

@book{fruhwirth2009,
	title={Constraint handling rules},
	author={Fr{\"u}hwirth, Thom},
	year={2009},
	publisher={Cambridge University Press}
}
